@article{Teixeira2010,
	author = {Teixeira, Cesar A. C. and Melo, Erick Lazaro and Cattelan, Renan G. and Pimentel, Maria Da Gra\c{c}a C.},
	doi = {10.1007/s11042-010-0481-7},
	file = {:Users/ricardoerikson/Documents/Mendeley Desktop/Multimedia Tools and Applications/2010/Taking advantage of contextualized interactions while users watch TV.pdf:pdf},
	issn = {1380-7501},
	journal = {Multimed. Tools Appl.},
	keywords = {canal de interatividade,canal de retorno,context,explicit,feedback,implicit,interactivity channel,return channel},
	mendeley-groups = {Personalized TV},
	mendeley-tags = {canal de interatividade,canal de retorno,context,explicit,feedback,implicit,interactivity channel,return channel},
	month = feb,
	number = {3},
	pages = {587--607},
	title = {{Taking advantage of contextualized interactions while users watch TV}},
	volume = {50},
	year = {2010}
}

@article{Hwang2007,
	author = {Hwang, Min-cheol and Ha, Le and Kim, Nam-hyeong and Park, Chun-su and Ko, Sung-jea},
	doi = {10.1109/TCE.2007.339528},
	file = {:Users/ricardoerikson/Documents/Mendeley Desktop/IEEE Transactions on Consumer Electronics/2007/Person identification system for future digital tv with intelligence.pdf:pdf},
	issn = {0098-3063},
	journal = {IEEE Transactions on Consumer Electronics},
	month = feb,
	number = {1},
	pages = {218--226},
	title = {{Person identification system for future digital tv with intelligence}},
	volume = {53},
	year = {2007}
}

@article{Cabarcos2011,
	author = {Cabarcos, Patricia Arias and Guerrero, Rosa Sánchez and Mendoza, Florina Almenárez and Díaz-Sánchez, Daniel and {Marín López}, Andrés},
	doi = {10.1109/TCE.2011.5735473},
	file = {:Users/developer/Downloads/05735473.pdf:pdf},
	issn = {0098-3063},
	journal = {IEEE Transactions on Consumer Electronics},
	mendeley-groups = {Personalized TV},
	month = feb,
	number = {1},
	pages = {6--13},
	title = {{FamTV: An architecture for presence-aware personalized television}},
	volume = {57},
	year = {2011}
}

@inproceedings{Courtois2012,
	address = {New York, New York, USA},
	author = {Courtois, C\'{e}dric and D'heer, Evelien},
	booktitle = {Proceedings of the 10th European conference on Interactive tv and video - EuroiTV '12},
	doi = {10.1145/2325616.2325646},
	file = {:Users/ricardoerikson/Documents/Mendeley Desktop/Proceedings of the 10th European conference on Interactive TV and video - EuroiTV '12/2012/Second screen applications and tablet users.pdf:pdf},
	isbn = {9781450311076},
	keywords = {interaction,second screen,tablet},
	mendeley-groups = {PhD,Personalized TV},
	pages = {153--156},
	publisher = {ACM Press},
	title = {{Second screen applications and tablet users}},
	volume = {11},
	year = {2012}
}

@article{Lee2010,
	author = {Lee, Seunggwan and Lee, Daeho and Lee, Sungwon},
	doi = {10.1109/TCE.2010.5506036},
	file = {:Users/ricardoerikson/Documents/Mendeley Desktop/IEEE Transactions on Consumer Electronics/2010/Personalized DTV program recommendation system under a cloud computing environment.pdf:pdf},
	issn = {0098-3063},
	journal = {IEEE Transactions on Consumer Electronics},
	mendeley-groups = {PhD,Personalized TV},
	month = may,
	number = {2},
	pages = {1034--1042},
	title = {{Personalized DTV program recommendation system under a cloud computing environment}},
	volume = {56},
	year = {2010}
}

@article{Kim2012,
	author = {Kim, H. W. and Yi, M. Y.},
	doi = {10.1109/TCE.2012.6415015},
	file = {:Users/ricardoerikson/Documents/Mendeley Desktop/IEEE Transactions on Consumer Electronics/2012/MovieMine personalized movie content search by utilizing user comments.pdf:pdf},
	issn = {0098-3063},
	journal = {IEEE Transactions on Consumer Electronics},
	month = nov,
	number = {4},
	pages = {1416--1424},
	title = {{MovieMine: personalized movie content search by utilizing user comments}},
	volume = {58},
	year = {2012}
}

@article{Shin2009,
	author = {Shin, Hyoseop and Lee, Minsoo and Kim, Eun},
	doi = {10.1109/TCE.2009.5278008},
	file = {:Users/ricardoerikson/Documents/Mendeley Desktop/IEEE Transactions on Consumer Electronics/2009/Personalized digital TV content recommendation with integration of user behavior profiling and multimodal content rating.pdf:pdf},
	issn = {0098-3063},
	journal = {IEEE Transactions on Consumer Electronics},
	mendeley-groups = {PhD,Personalized TV},
	month = aug,
	number = {3},
	pages = {1417--1423},
	title = {{Personalized digital TV content recommendation with integration of user behavior profiling and multimodal content rating}},
	volume = {55},
	year = {2009}
}

@article{Masthoff2004,
	author = {Masthoff, Judith},
	doi = {10.1023/B:USER.0000010138.79319.fd},
	file = {:Users/ricardoerikson/Documents/Mendeley Desktop/User Modeling and User-Adapted Interaction/2004/Group Modeling Selecting a Sequence of Television Items to Suit a Group of Viewers.pdf:pdf},
	issn = {0924-1868},
	journal = {User Modeling and User-Adapted Interaction},
	keywords = {adaptation,group modeling,interactive television,recommender,social choice},
	mendeley-groups = {Personalized TV},
	month = feb,
	number = {1},
	pages = {37--85},
	title = {{Group Modeling: Selecting a Sequence of Television Items to Suit a Group of Viewers}},
	volume = {14},
	year = {2004}
}

@article{Cesar2009,
	author = {Cesar, Pablo and Bulterman, Dick C. a. and Jansen, Jack},
	doi = {10.1007/s00530-009-0159-z},
	file = {:Users/ricardoerikson/Documents/Mendeley Desktop/Multimedia Systems/2009/Leveraging user impact an architecture for secondary screens usage in interactive television.pdf:pdf},
	issn = {0942-4962},
	journal = {Multimedia Systems},
	keywords = {EPG,SMIL,TV-Anytime,XML,control,enrich,mobile devices,multitasking,secondary screen,session transfer,share},
	month = jun,
	number = {3},
	pages = {127--142},
	title = {{Leveraging user impact: an architecture for secondary screens usage in interactive television}},
	volume = {15},
	year = {2009}
}

@inproceedings{Robertson1996,
	address = {New York, New York, USA},
	author = {Robertson, Scott and Wharton, Cathleen and Ashworth, Catherine and Franzke, Marita},
	booktitle = {Proceedings of the SIGCHI conference on Human factors in computing systems common ground - CHI '96},
	doi = {10.1145/238386.238408},
	file = {:Users/ricardoerikson/Documents/Mendeley Desktop/Proceedings of the SIGCHI conference on Human factors in computing systems common ground - CHI '96/1996/Dual device user interface design PDAs and interactive television.pdf:pdf},
	isbn = {0897917774},
	keywords = {interactive,pda,personal digital assistants},
	mendeley-groups = {Personalized TV},
	pages = {79--86},
	publisher = {ACM Press},
	title = {{Dual device user interface design: PDAs and interactive television}},
	year = {1996}
}

@article{Tsekleves2011,
	author = {Tsekleves, Emmanuel and Whitham, Roger and Kondo, Koko and Hill, Annette},
	doi = {10.1016/j.entcom.2011.02.002},
	file = {:Users/ricardoerikson/Documents/Mendeley Desktop/Entertainment Computing/2011/Investigating media use and the television user experience in the home.pdf:pdf},
	issn = {18759521},
	journal = {Entertainment Computing},
	keywords = {interactive television},
	mendeley-groups = {Personalized TV},
	month = jan,
	number = {3},
	pages = {151--161},
	publisher = {International Federation for Information Processing},
	title = {{Investigating media use and the television user experience in the home}},
	volume = {2},
	year = {2011}
}

@inproceedings{Cesar2011,
	author = {Cesar, Pablo and Geerts, David},
	booktitle = {2011 IEEE Consumer Communications and Networking Conference (CCNC)},
	doi = {10.1109/CCNC.2011.5766487},
	file = {:Users/ricardoerikson/Documents/Mendeley Desktop/2011 IEEE Consumer Communications and Networking Conference (CCNC)/2011/Past, present, and future of social TV A categorization.pdf:pdf},
	isbn = {978-1-4244-8789-9},
	keywords = {- social interactive television,cscw,video},
	mendeley-groups = {PhD,Personalized TV},
	month = jan,
	pages = {347--351},
	publisher = {IEEE},
	title = {{Past, present, and future of social TV: A categorization}},
	year = {2011}
}

@article{Cesar2008,
	author = {Cesar, Pablo and Chorianopoulos, Konstantinos and Jensen, Jens F.},
	doi = {10.1145/1350843.1350847},
	file = {:Users/ricardoerikson/Documents/Mendeley Desktop/Computers in Entertainment/2008/Social television and user interaction.pdf:pdf},
	issn = {15443574},
	journal = {Computers in Entertainment},
	mendeley-groups = {PhD,Personalized TV},
	month = may,
	number = {1},
	pages = {1--10},
	publisher = {ACM},
	title = {{Social television and user interaction}},
	volume = {6},
	year = {2008}
}

@article{DosSantos2013,
	author = {dos Santos, Alan Menk and Bianchini, David},
	doi = {10.1007/s11042-013-1697-0},
	file = {:Users/ricardoerikson/Documents/Mendeley Desktop/Multimedia Tools and Applications/2013/Smart marketing in Brazilian digital TV system through a recommendation ads.pdf:pdf},
	issn = {1380-7501},
	journal = {Multimedia Tools and Applications},
	keywords = {digital tv,interactivity,personalization,recommendation systems},
	mendeley-groups = {Personalized TV},
	month = oct,
	pages = {1--22},
	publisher = {Springer US},
	title = {{Smart marketing in Brazilian digital TV system through a recommendation ads}},
	year = {2013}
}

@inproceedings{Basilio2013,
	address = {New York, New York, USA},
	author = {Basilio, Samuel da Costa Alves and Moreno, Marcelo Ferreira and Barr\'{e}re, Eduardo},
	booktitle = {Proceedings of the 11th european conference on Interactive TV and video - EuroITV '13},
	doi = {10.1145/2465958.2465977},
	file = {:Users/ricardoerikson/Documents/Mendeley Desktop/Proceedings of the 11th european conference on Interactive TV and video - EuroITV '13/2013/Supporting interaction and audience analysis in interactive TV systems.pdf:pdf},
	isbn = {9781450319515},
	mendeley-groups = {Personalized TV},
	pages = {23--30},
	publisher = {ACM Press},
	title = {{Supporting interaction and audience analysis in interactive TV systems}},
	url = {http://dl.acm.org/citation.cfm?doid=2465958.2465977},
	year = {2013}
}

@book{Buschmann2007,
	author = {Buschmann, Frank and Henney, Kevlin and Schmidt, Douglas},
	title = {Pattern-Oriented Software Architecture: A Pattern Language for Distributed Computing},
	year = {2007},
	volume = {4},
	pages = {339--340},
	isbn = {0470059028, 9780470059029},
	publisher = {John Wiley \& Sons},
} 

@article{Lai2011,
	author = {Lai, Chin-Feng and Chang, Jui-Hung and Hu, Chia-Cheng and Huang, Yueh-Min and Chao, Han-Chieh},
	doi = {10.1016/j.future.2010.10.002},
	file = {:Users/ricardoerikson/Documents/Mendeley Desktop/Future Generation Computer Systems/2011/CPRS A cloud-based program recommendation system for digital TV platforms.pdf:pdf},
	issn = {0167739X},
	journal = {Future Generation Computer Systems},
	keywords = {MapReduce,cloud-computing,clustering,hadoop,k-means,kNN,recommendation},
	mendeley-groups = {PhD,Personalized TV},
	mendeley-tags = {MapReduce,cloud-computing,clustering,hadoop,k-means,kNN,recommendation},
	month = jun,
	number = {6},
	pages = {823--835},
	publisher = {Elsevier B.V.},
	title = {{CPRS: A cloud-based program recommendation system for digital TV platforms}},
	volume = {27},
	year = {2011}
}

@book{Wheeler2013,
	author = {Wheeler, Willie and White, Joshua},
	title = {Sprint in Practice},
	year = {2013},
	volume = {1},
	pages = {359--368},
	isbn = {9781935182054},
	publisher = {Manning Publications}
}

@book{Hellman2013,
	author = {Hellman, Erik},
	title = {Android Programming: Pushing the Limits},
	year = {2013},
	volume = {1},
	pages = {349--368},
	publisher = {Wiley}
}

@article{Jeong2014,
	author = {Jeong, Jin-woo and Lee, Dong-ho},
	doi = {10.1109/TCE.2014.6780930},
	issn = {0098-3063},
	journal = {IEEE Transactions on Consumer Electronics},
	month = feb,
	number = {1},
	pages = {92--98},
	title = {{Inferring search intents from remote control movement patterns: a new content search method for smart TV}},
	volume = {60},
	year = {2014}
}
